@misc{zalando_dataset:online,
  author       = {},
  title        = {zalandoresearch/fashion-mnist: A MNIST-like fashion product database. Benchmark},
  howpublished = {\url{https://github.com/zalandoresearch/fashion-mnist}},
  month        = {},
  year         = {},
  note         = {(Accessed on 01/15/2022)}
}

@misc{database_why:online,
    author = {},
    title = {zalandoresearch/fashion-mnist: A MNIST-like fashion product database. Benchmark},
    howpublished = {\url{https://github.com/zalandoresearch/fashion-mnist#why-we-made-fashion-mnist}},
    month = {},
    year = {},
    note = {(Accessed on 01/15/2022)}
}

@misc{siamese_wikipedia:online,
  author       = {},
  title        = {Siamese neural network - Wikipedia},
  howpublished = {\url{https://en.wikipedia.org/wiki/Siamese_neural_network}},
  month        = {},
  year         = {},
  note         = {(Accessed on 01/15/2022)}
}

@misc{lego_database:online,
  author       = {},
  title        = {LEGO Minifigures | Kaggle},
  howpublished = {\url{https://www.kaggle.com/ihelon/lego-minifigures-classification}},
  month        = {},
  year         = {},
  note         = {(Accessed on 01/15/2022)}
}